@ARTICLE{Bolatto:2007,
       author = {{Bolatto}, Alberto D. and {Simon}, Joshua D. and {Stanimirovi{\'c}}, Sne{\v{z}}ana and {van Loon}, Jacco Th. and {Shah}, Ronak Y. and {Venn}, Kim and {Leroy}, Adam K. and {Sandstrom}, Karin and {Jackson}, James M. and {Israel}, Frank P. and {Li}, Aigen and {Staveley-Smith}, Lister and {Bot}, Caroline and {Boulanger}, Francois and {Rubio}, M{\'o}nica},
       title = "{The Spitzer Survey of the Small Magellanic Cloud: S$^{3}$MC Imaging and Photometry in the Mid- and Far-Infrared Wave Bands}",
       journal = {\apj},
       keywords = {ISM: Dust, Extinction, Galaxies: Dwarf, Galaxies: Stellar Content, Infrared: ISM, Infrared: Stars, Galaxies: Magellanic Clouds, Astrophysics},
       year = 2007,
       month = jan,
       volume = {655},
       number = {1},
       pages = {212-232},
       doi = {10.1086/509104},
       archivePrefix = {arXiv},
       eprint = {astro-ph/0608561},
       primaryClass = {astro-ph},
       adsurl = {https://ui.adsabs.harvard.edu/abs/2007ApJ...655..212B},
       adsnote = {Provided by the SAO/NASA Astrophysics Data System}}

@ARTICLE{Stanimirovi:2004,
       author = {{Stanimirovi{\'c}}, S. and {Staveley-Smith}, L. and {Jones}, P.~A.},
       title = "{A New Look at the Kinematics of Neutral Hydrogen in the Small Magellanic Cloud}",
       journal = {\apj},
       keywords = {Galaxies: Interactions, Galaxies: ISM, Galaxies: Kinematics and Dynamics, Galaxies: Magellanic Clouds, Astrophysics},
       year = 2004,
       month = mar,
       volume = {604},
       number = {1},
       pages = {176-186},
       doi = {10.1086/381869},
       archivePrefix = {arXiv},
       eprint = {astro-ph/0312223},
       primaryClass = {astro-ph},
       adsurl = {https://ui.adsabs.harvard.edu/abs/2004ApJ...604..176S},
       adsnote = {Provided by the SAO/NASA Astrophysics Data System}}

@ARTICLE{Mendes:2019,
    author = {{Mendes de Oliveira}, C. and {Ribeiro}, T. and {Schoenell}, W. and
         {Kanaan}, A. and {Overzier}, R.~A. and {Molino}, A. and {Sampedro}, L. and
         {Coelho}, P. and {Barbosa}, C.~E. and {Cortesi}, A. and
         {Costa-Duarte}, M.~V. and {Herpich}, F.~R. and {Hernand
        ez-Jimenez}, J.~A. and {Placco}, V.~M. and {Xavier}, H.~S. and
         {Abramo}, L.~R. and {Saito}, R.~K. and {Chies-Santos}, A.~L. and
         {Ederoclite}, A. and {Lopes de Oliveira}, R. and
         {Gon{\c{c}}alves}, D.~R. and {Akras}, S. and {Almeida}, L.~A. and
         {Almeida-Fernandes}, F. and {Beers}, T.~C. and {Bonatto}, C. and
         {Bonoli}, S. and {Cypriano}, E.~S. and {Vinicius-Lima}, E. and
         {de Souza}, R.~S. and {Fabiano de Souza}, G. and {Ferrari}, F. and
         {Gon{\c{c}}alves}, T.~S. and {Gonzalez}, A.~H. and
         {Guti{\'e}rrez-Soto}, L.~A. and {Hartmann}, E.~A. and {Jaffe}, Y. and
         {Kerber}, L.~O. and {Lima-Dias}, C. and {Lopes}, P.~A.~A. and
         {Menendez-Delmestre}, K. and {Nakazono}, L.~M.~I. and {Novais}, P.~M. and
         {Ortega-Minakata}, R.~A. and {Pereira}, E.~S. and {Perottoni}, H.~D. and
         {Queiroz}, C. and {Reis}, R.~R.~R. and {Santos}, W.~A. and
         {Santos-Silva}, T. and {Santucci}, R.~M. and {Barbosa}, C.~L. and
         {Siffert}, Beatriz B. and {Sodr{\'e}}, L. and {Torres-Flores}, S. and
         {Westera}, P. and {Whitten}, D.~D. and {Alcaniz}, J.~S. and
         {Alonso-Garc{\'\i}a}, Javier and {Alencar}, S. and {Alvarez-Cand
        al}, A. and {Amram}, P. and {Azanha}, L. and {Barb{\'a}}, R.~H. and
         {Bernardinelli}, P.~H. and {Borges Fernandes}, M. and {Branco}, V. and
         {Brito-Silva}, D. and {Buzzo}, M.~L. and {Caffer}, J. and
         {Campillay}, A. and {Cano}, Z. and {Carvano}, J.~M. and {Castejon}, M. and
         {Cid Fernandes}, R. and {Dantas}, M.~L.~L. and {Daflon}, S. and
         {Damke}, G. and {de la Reza}, R. and {de Melo de Azevedo}, L.~J. and
         {De Paula}, D.~F. and {Diem}, K.~G. and {Donnerstein}, R. and
         {Dors}, O.~L. and {Dupke}, R. and {Eikenberry}, S. and
         {Escudero}, Carlos G. and {Faifer}, Favio R. and {Far{\'\i}as}, H. and
         {Fernandes}, B. and {Fernandes}, C. and {Fontes}, S. and {Galarza}, A. and
         {Hirata}, N.~S.~T. and {Katena}, L. and {Gregorio-Hetem}, J. and
         {Hern{\'a}ndez-Fern{\'a}ndez}, J.~D. and {Izzo}, L. and
         {Jaque Arancibia}, M. and {Jatenco-Pereira}, V. and
         {Jim{\'e}nez-Teja}, Y. and {Kann}, D.~A. and {Krabbe}, A.~C. and
         {Labayru}, C. and {Lazzaro}, D. and {Lima Neto}, G.~B. and {Lopes}, Amand
        a R. and {Magalh{\~a}es}, R. and {Makler}, M. and {de Menezes}, R. and
         {Miralda-Escud{\'e}}, J. and {Monteiro-Oliveira}, R. and
         {Montero-Dorta}, A.~D. and {Mu{\~n}oz-Elgueta}, N. and {Nemmen}, R.~S. and
         {Nilo Castell{\'o}n}, J.~L. and {Oliveira}, A.~S. and {Ort{\'\i}z}, D. and
         {Pattaro}, E. and {Pereira}, C.~B. and {Quint}, B. and {Riguccini}, L. and
         {Rocha Pinto}, H.~J. and {Rodrigues}, I. and {Roig}, F. and
         {Rossi}, S. and {Saha}, Kanak and {Santos}, R. and
         {Schnorr M{\"u}ller}, A. and {Sesto}, Leandro A. and {Silva}, R. and
         {Smith Castelli}, Analia V. and {Teixeira}, R. and {Telles}, E. and
         {Thom de Souza}, R.~C. and {Th{\"o}ne}, C. and {Trevisan}, M. and
         {de Ugarte Postigo}, A. and {Urrutia-Viscarra}, F. and {Veiga}, C.~H. and
         {Vika}, M. and {Vitorelli}, A.~Z. and {Werle}, A. and {Werner}, S.~V. and
         {Zaritsky}, D.},
     title = "{The Southern Photometric Local Universe Survey (S-PLUS): improved SEDs, morphologies, and redshifts with 12 optical filters}",
     journal = {\mnras},
     keywords = {surveys, stars: general, galaxies: clusters: general, galaxies: photometry, quasars: general, Astrophysics - Astrophysics of Galaxies, Astrophysics - Cosmology and Nongalactic Astrophysics, Astrophysics - High Energy Astrophysical Phenomena, Astrophysics - Instrumentation and Methods for Astrophysics, Astrophysics - Solar and Stellar Astrophysics},
     year = 2019,
     month = oct,
     volume = {489},
     number = {1},
     pages = {241-267},
     doi = {10.1093/mnras/stz1985},
     archivePrefix = {arXiv},
     eprint = {1907.01567},
     primaryClass = {astro-ph.GA},
     adsurl = {https://ui.adsabs.harvard.edu/abs/2019MNRAS.489..241M},
     adsnote = {Provided by the SAO/NASA Astrophysics Data System}}


@INPROCEEDINGS{Marin-Franch:2012,
   author = {{Mar{\'\i}n-Franch}, A. and {Chueca}, S. and {Moles}, M. and {Benitez}, N. and {Taylor}, K. and {Cepa}, J. and {Cenarro}, A.~J. and {Cristobal-Hornillos}, D. and {Ederoclite}, A. and {Gruel}, N. and {Hern{\'a}ndez-Fuertes}, J. and {L{\'o}pez-Sainz}, A. and {Luis-Simoes}, R. and {Rueda-Teruel}, F. and {Rueda-Teruel}, S. and {Varela}, J. and {Yanes-D{\'\i}az}, A. and {Brauneck}, U. and {Danielou}, A. and {Dupke}, R. and {Fern{\'a}ndez-Soto}, A. and {Mendes de Oliveira}, C. and {Sodr{\'e}}, L.},
    title = "{Design of the J-PAS and J-PLUS filter systems}",
    booktitle = {Modern Technologies in Space- and Ground-based Telescopes and Instrumentation II},
    year = 2012,
    editor = {{Navarro}, Ram{\'o}n and {Cunningham}, Colin R. and {Prieto}, Eric},
    series = {Society of Photo-Optical Instrumentation Engineers (SPIE) Conference Series},
    volume = {8450},
    month = sep,
    eid = {84503S},
    pages = {84503S},
    doi = {10.1117/12.925430},
    adsurl = {https://ui.adsabs.harvard.edu/abs/2012SPIE.8450E..3SM},
    adsnote = {Provided by the SAO/NASA Astrophysics Data System}}

@ARTICLE{Fukugita:1996,
   author = {{Fukugita}, M. and {Ichikawa}, T. and {Gunn}, J.~E. and {Doi}, M. and 
	{Shimasaku}, K. and {Schneider}, D.~P.},
   title = "{The Sloan Digital Sky Survey Photometric System}",
   journal = {\aj},
   keywords = {SURVEYS, INSTRUMENTATION: PHOTOMETERS, TECHNIQUES: PHOTOMETRIC},
   year = 1996,
   month = apr,
   volume = 111,
   pages = {1748},
   doi = {10.1086/117915},
   adsurl = {http://adsabs.harvard.edu/abs/1996AJ....111.1748F},
   adsnote = {Provided by the SAO/NASA Astrophysics Data System}}

